<?xml version="1.0" encoding="UTF-8"?><record xmlns="http://www.loc.gov/MARC21/slim" xmlns:cinclude="http://apache.org/cocoon/include/1.0" xmlns:zs="http://www.loc.gov/zing/srw/">
  <leader>00563cz  a2200145n  4500</leader>
  <controlfield tag="001">n  99910688 </controlfield>
  <controlfield tag="003">DLC</controlfield>
  <controlfield tag="005">20120814080908.0</controlfield>
  <controlfield tag="008">990916n| acannaabn          |a ana      </controlfield>
  <datafield tag="010" ind1=" " ind2=" ">
    <subfield code="a">n  99910688 </subfield>
  </datafield>
  <datafield tag="040" ind1=" " ind2=" ">
    <subfield code="a">DLC</subfield>
    <subfield code="b">eng</subfield>
    <subfield code="c">DLC</subfield>
    <subfield code="d">DLC</subfield>
  </datafield>
  <datafield tag="111" ind1="2" ind2=" ">
    <subfield code="a">India-Pakistan Conference on the Environment</subfield>
    <subfield code="d">(1989 :</subfield>
    <subfield code="c">Pakistan)</subfield>
  </datafield>
  <datafield tag="411" ind1="2" ind2=" ">
    <subfield code="a">IPEC</subfield>
  </datafield>
  <datafield tag="667" ind1=" " ind2=" ">
    <subfield code="a">THIS 1XX FIELD CANNOT BE USED UNDER RDA UNTIL THIS RECORD HAS BEEN REVIEWED AND/OR UPDATED</subfield>
  </datafield>
  <datafield tag="670" ind1=" " ind2=" ">
    <subfield code="a">Beyond shifting sands, 1994:</subfield>
    <subfield code="b">t.p. (India-Pakistan Conference on the Environment, Dec. 1989) p. 3 (papers presented at IPEC)</subfield>
  </datafield>
</record>